<record><leader>00000cas a22000007a 4500</leader><controlfield tag="001">11524696</controlfield><controlfield tag="008">841222d19161919wiudr ne      0   a0eng d</controlfield><datafield ind1=" " ind2=" " tag="010"><subfield code="a">sn 84025025 </subfield></datafield><datafield ind1=" " ind2=" " tag="040"><subfield code="a">NPV</subfield><subfield code="b">eng</subfield><subfield code="c">NPV</subfield><subfield code="d">OCLCQ</subfield></datafield><datafield ind1=" " ind2=" " tag="042"><subfield code="a">msc</subfield></datafield><datafield ind1=" " ind2=" " tag="043"><subfield code="a">n-us-wi</subfield></datafield><datafield ind1=" " ind2=" " tag="045"><subfield code="a">x1x1</subfield></datafield><datafield ind1=" " ind2=" " tag="052"><subfield code="a">4123</subfield><subfield code="b">C4</subfield></datafield><datafield ind1="0" ind2="4" tag="245"><subfield code="a">The Evening independent.</subfield></datafield><datafield ind1=" " ind2=" " tag="260"><subfield code="a">Chippewa Falls, Wis. :</subfield><subfield code="b">Chippewa Valley Pub. Co.,</subfield><subfield code="c">1916-1919.</subfield></datafield><datafield ind1=" " ind2=" " tag="300"><subfield code="a">v. :</subfield><subfield code="b">ill.</subfield></datafield><datafield ind1=" " ind2=" " tag="310"><subfield code="a">Daily</subfield></datafield><datafield ind1="0" ind2=" " tag="362"><subfield code="a">Mar. 11, 1916-v. 4, no. 234 (Dec. 11, 1919).</subfield></datafield><datafield ind1=" " ind2=" " tag="500"><subfield code="a">Sunday edition: Sunday independent.</subfield></datafield><datafield ind1=" " ind2=" " tag="752"><subfield code="a">United States</subfield><subfield code="b">Wisconsin</subfield><subfield code="c">Chippewa</subfield><subfield code="d">Chippewa Falls.</subfield></datafield><datafield ind1="0" ind2="0" tag="780"><subfield code="t">Daily independent (Chippewa Falls, Wis.)</subfield><subfield code="w">(DLC)sn 84025026</subfield></datafield><datafield ind1="0" ind2="0" tag="785"><subfield code="t">Chippewa daily press</subfield><subfield code="w">(DLC)sn 84025027</subfield></datafield></record>